<record><leader>00000cas a2200000 a 4500</leader><controlfield tag="001">14712407</controlfield><controlfield tag="008">861114d18751876pauwr ne      0    0eng c</controlfield><datafield ind1=" " ind2=" " tag="010"><subfield code="a">sn 86081974 </subfield></datafield><datafield ind1=" " ind2=" " tag="040"><subfield code="a">NPH</subfield><subfield code="b">eng</subfield><subfield code="c">NPH</subfield><subfield code="d">OCL</subfield><subfield code="d">OCLCQ</subfield><subfield code="d">ATL</subfield><subfield code="d">OCL</subfield><subfield code="d">OCLCQ</subfield><subfield code="d">OCLCF</subfield></datafield><datafield ind1=" " ind2=" " tag="019"><subfield code="a">15010530</subfield></datafield><datafield ind1="1" ind2=" " tag="029"><subfield code="a">AU@</subfield><subfield code="b">000025818567</subfield></datafield><datafield ind1=" " ind2=" " tag="042"><subfield code="a">pcc</subfield></datafield><datafield ind1=" " ind2="4" tag="050"><subfield code="a">BX7801</subfield></datafield><datafield ind1="0" ind2=" " tag="130"><subfield code="a">Pilgrim (Huntingdon, Pa.)</subfield></datafield><datafield ind1="1" ind2="4" tag="245"><subfield code="a">The pilgrim.</subfield></datafield><datafield ind1=" " ind2=" " tag="260"><subfield code="a">Huntingdon, Pa. :</subfield><subfield code="b">J.B. Brumbaugh,</subfield><subfield code="c">1875-1876.</subfield></datafield><datafield ind1=" " ind2=" " tag="300"><subfield code="a">2 v. ;</subfield><subfield code="c">32 cm.</subfield></datafield><datafield ind1=" " ind2=" " tag="310"><subfield code="a">Weekly</subfield></datafield><datafield ind1="0" ind2=" " tag="362"><subfield code="a">Vol. 6, no. 1 (Jan. 5, 1875)-v. 7, no. 44 (Oct. 31, 1876).</subfield></datafield><datafield ind1=" " ind2=" " tag="500"><subfield code="a">Title from caption.</subfield></datafield><datafield ind1=" " ind2=" " tag="515"><subfield code="a">Preceeded by a sample issue dated Nov. 17, 1874.</subfield></datafield><datafield ind1=" " ind2=" " tag="525"><subfield code="a">Some issues have supplement: Young disciple.</subfield></datafield><datafield ind1=" " ind2=" " tag="530"><subfield code="a">Also issued on microfilm by American Theological Library Association.</subfield></datafield><datafield ind1=" " ind2=" " tag="580"><subfield code="a">Merged with: Primitive Christian (Meyersdale, Pa.), to form: Primitive Christian and the pilgrim.</subfield></datafield><datafield ind1="2" ind2="0" tag="610"><subfield code="a">German Baptist Brethren (U.S.)</subfield><subfield code="v">Periodicals.</subfield></datafield><datafield ind1=" " ind2="0" tag="650"><subfield code="a">Christianity</subfield><subfield code="v">Periodicals.</subfield></datafield><datafield ind1=" " ind2="7" tag="655"><subfield code="a">Periodicals.</subfield><subfield code="2">fast</subfield><subfield code="0">(OCoLC)fst01411641</subfield></datafield><datafield ind1="2" ind2="7" tag="610"><subfield code="a">German Baptist Brethren (U.S.)</subfield><subfield code="2">fast</subfield><subfield code="0">(OCoLC)fst00655463</subfield></datafield><datafield ind1=" " ind2="7" tag="650"><subfield code="a">Christianity.</subfield><subfield code="2">fast</subfield><subfield code="0">(OCoLC)fst00859599</subfield></datafield><datafield ind1="0" ind2="2" tag="740"><subfield code="a">Young disciple.</subfield></datafield><datafield ind1=" " ind2=" " tag="752"><subfield code="a">United States</subfield><subfield code="b">Pennsylvania</subfield><subfield code="c">Huntingdon</subfield><subfield code="d">Huntingdon.</subfield></datafield><datafield ind1="1" ind2=" " tag="776"><subfield code="c">Microfilm</subfield><subfield code="d">American Theological Library Association</subfield><subfield code="w">(DLC)  2005221234</subfield><subfield code="w">(OCoLC)58796336</subfield></datafield><datafield ind1="0" ind2="0" tag="780"><subfield code="t">Weekly pilgrim (James Creek, Pa.)</subfield><subfield code="w">(DLC)sn 86081971</subfield><subfield code="w">(OCoLC)14712187</subfield></datafield><datafield ind1="1" ind2="7" tag="785"><subfield code="t">Primitive Christian (Meyersdale, Pa.)</subfield><subfield code="w">(DLC)sn 86081966</subfield><subfield code="w">(OCoLC)14711944</subfield></datafield><datafield ind1="1" ind2="7" tag="785"><subfield code="t">Primitive Christian and the pilgrim</subfield><subfield code="w">(DLC)sn 86081976</subfield><subfield code="w">(OCoLC)14711937</subfield></datafield></record>